@article{chandola2009anomaly,
  title={Anomaly detection: A survey},
  author={Chandola, Varun and Banerjee, Arindam and Kumar, Vipin},
  journal={ACM computing surveys (CSUR)},
  volume={41},
  number={3},
  pages={1--58},
  year={2009},
  publisher={ACM New York, NY, USA}
}

@article{pang2021deep,
  title={Deep learning for anomaly detection: A review},
  author={Pang, Guansong and Shen, Chunhua and Cao, Longbing and Hengel, Anton Van Den},
  journal={ACM computing surveys (CSUR)},
  volume={54},
  number={2},
  pages={1--38},
  year={2021},
  publisher={ACM New York, NY, USA}
}

@article{earis1992lung,
  title={Lung sounds.},
  author={Earis, J},
  journal={Thorax},
  volume={47},
  number={9},
  pages={671},
  year={1992},
  publisher={BMJ Publishing Group}
}

@article{bohadana2014fundamentals,
  title={Fundamentals of lung auscultation},
  author={Bohadana, Abraham and Izbicki, Gabriel and Kraman, Steve S},
  journal={New England Journal of Medicine},
  volume={370},
  number={8},
  pages={744--751},
  year={2014},
  publisher={Mass Medical Soc}
}

@article{reichert2008analysis,
  title={Analysis of respiratory sounds: state of the art},
  author={Reichert, Sandra and Gass, Raymond and Brandt, Christian and Andr{\`e}s, Emmanuel},
  journal={Clinical medicine. Circulatory, respiratory and pulmonary medicine},
  volume={2},
  pages={CCRPM--S530},
  year={2008},
  publisher={SAGE Publications Sage UK: London, England}
}

@article{bank2023autoencoders,
  title={Autoencoders},
  author={Bank, Dor and Koenigstein, Noam and Giryes, Raja},
  journal={Machine Learning for Data Science Handbook: Data Mining and Knowledge Discovery Handbook},
  pages={353--374},
  year={2023},
  publisher={Springer}
}

@book{grinstead2006probabilities,
  title={Grinstead and Snell's introduction to probability},
  author={Grinstead, Charles Miller and Snell, James Laurie},
  year={2006},
  publisher={Chance Project}
}